<?xml version="1.0" encoding="UTF-8"?><collection xmlns="http://www.loc.gov/MARC21/slim"><record><leader>00378nam--2200109-i-4500</leader><controlfield tag="001">000042690</controlfield><controlfield tag="002">20161230</controlfield><controlfield tag="005">20161230201043</controlfield><controlfield tag="008">060222s1000------------r-----000-0-eng-d</controlfield><datafield ind1=" " ind2=" " tag="245"><subfield code="a">The statesman`s year book. statistical and historical annual of the state of the world for the year 1964-1965.`london, macmillan &amp; co.ltd.,1964. xxviii + 1716 p</subfield></datafield><datafield ind1=" " ind2=" " tag="700"><subfield code="a">S.H.Steinberg</subfield></datafield><datafield ind1=" " ind2=" " tag="852"><subfield code="a">19786</subfield></datafield></record></collection>